<record><leader>00000cas a22000007a 4500</leader><controlfield tag="001">31369080</controlfield><controlfield tag="008">941028d19941995azudr ne      0   a0eng c</controlfield><datafield ind1=" " ind2=" " tag="010"><subfield code="a">sn 94004094 </subfield></datafield><datafield ind1=" " ind2=" " tag="040"><subfield code="a">NSD</subfield><subfield code="b">eng</subfield><subfield code="c">NSD</subfield><subfield code="d">ANN</subfield><subfield code="d">NSD</subfield><subfield code="d">ANN</subfield><subfield code="d">OCLCQ</subfield><subfield code="d">OCLCO</subfield></datafield><datafield ind1=" " ind2=" " tag="012"><subfield code="m">1</subfield></datafield><datafield ind1="1" ind2=" " tag="022"><subfield code="a">1079-3437</subfield><subfield code="l">1079-3437</subfield><subfield code="2">1</subfield></datafield><datafield ind1="1" ind2=" " tag="029"><subfield code="a">AU@</subfield><subfield code="b">000011356737</subfield></datafield><datafield ind1=" " ind2=" " tag="032"><subfield code="a">302340</subfield><subfield code="b">USPS</subfield></datafield><datafield ind1=" " ind2=" " tag="042"><subfield code="a">nsdp</subfield><subfield code="a">pcc</subfield></datafield><datafield ind1=" " ind2=" " tag="043"><subfield code="a">n-us-az</subfield></datafield><datafield ind1="0" ind2=" " tag="130"><subfield code="a">Daily herald (Lake Havasu City, Ariz.)</subfield></datafield><datafield ind1=" " ind2="4" tag="222"><subfield code="a">The Daily herald</subfield><subfield code="b">(Lake Havasu City, Ariz.)</subfield></datafield><datafield ind1="0" ind2="4" tag="245"><subfield code="a">The Daily herald.</subfield></datafield><datafield ind1=" " ind2=" " tag="260"><subfield code="a">Lake Havasu City, Ariz. :</subfield><subfield code="b">Havasu Newspapers, Inc.,</subfield><subfield code="c">1994-1995.</subfield></datafield><datafield ind1=" " ind2=" " tag="300"><subfield code="a">v.</subfield></datafield><datafield ind1=" " ind2=" " tag="310"><subfield code="a">Daily (except Sat. and Mon.)</subfield></datafield><datafield ind1="0" ind2=" " tag="362"><subfield code="a">Vol. 30, no. 058 (Oct. 2, 1994)-v. 30, no. 291 (Aug. 31, 1995).</subfield></datafield><datafield ind1=" " ind2=" " tag="580"><subfield code="a">Merged with: Today's daily news, to form: Today's news-herald.</subfield></datafield><datafield ind1=" " ind2="0" tag="651"><subfield code="a">Lake Havasu City (Ariz.)</subfield><subfield code="v">Newspapers.</subfield></datafield><datafield ind1=" " ind2="0" tag="651"><subfield code="a">Mohave County (Ala.)</subfield><subfield code="v">Newspapers.</subfield></datafield><datafield ind1=" " ind2=" " tag="752"><subfield code="a">United States</subfield><subfield code="b">Arizona</subfield><subfield code="c">Mohave</subfield><subfield code="d">Lake Havasu City.</subfield></datafield><datafield ind1="0" ind2="0" tag="780"><subfield code="t">Lake Havasu City herald</subfield><subfield code="x">1068-1884</subfield><subfield code="w">(DLC)sn 93003661</subfield></datafield><datafield ind1="1" ind2="7" tag="785"><subfield code="t">Today's daily news</subfield><subfield code="x">1068-1876</subfield><subfield code="w">(DLC)sn 93003793</subfield></datafield><datafield ind1="1" ind2="7" tag="785"><subfield code="t">Today's news-herald</subfield><subfield code="x">1084-9009</subfield><subfield code="w">(DLC)sn 95060571</subfield></datafield></record>